@article{thorp2006kelly,
  title={The Kelly criterion in blackjack, sports betting and the stock market},
  author={Thorp, Edward O},
  journal={Handbook of asset and liability management},
  volume={1},
  pages={385--428},
  year={2006},
  publisher={Elsevier, North-Holland Amsterdam}
}

@article{bubeck2012regret,
  title={Regret analysis of stochastic and nonstochastic multi-armed bandit problems},
  author={Bubeck, S{\'e}bastien and Cesa-Bianchi, Nicolo and others},
  journal={Foundations and Trends{\textregistered} in Machine Learning},
  volume={5},
  number={1},
  pages={1--122},
  year={2012},
  publisher={Now Publishers, Inc.}
}

@book{ethier2010doctrine,
  title={The doctrine of chances: probabilistic aspects of gambling},
  author={Ethier, Stewart},
  year={2010},
  publisher={Springer Science \& Business Media}
}

@article{browne1996portfolio,
  title={Portfolio choice and the Bayesian Kelly criterion},
  author={Browne, Sid and Whitt, Ward},
  journal={Advances in Applied Probability},
  volume={28},
  number={4},
  pages={1145--1176},
  year={1996},
  publisher={Cambridge University Press}
}

@article{algoet1988asymptotic,
  title={Asymptotic optimality and asymptotic equipartition properties of log-optimum investment},
  author={Algoet, Paul H and Cover, Thomas M},
  journal={The Annals of Probability},
  pages={876--898},
  year={1988},
  publisher={JSTOR}
}

@article{kelly1956new,
  title={A new interpretation of information rate},
  author={Kelly, John L},
  journal={Bell Labs Technical Journal},
  volume={35},
  number={4},
  pages={917--926},
  year={1956},
  publisher={Wiley Online Library}
}

@book{cover2012elements,
  title={Elements of information theory},
  author={Cover, Thomas M and Thomas, Joy A},
  year={2012},
  publisher={John Wiley \& Sons}
}

@misc{onearmedbanditdict,
  author = {Glimne, Dan},
  title = {{Slot machine}},
  howpublished = "\url{https://www.britannica.com/topic/slot-machine}",
  year = {2015}, 
  note = "[Online; accessed 2017-10-28]"
}

@misc{thorp_engadget,
  author = {Melanson, Donald},
  title = {Gaming the system: Edward Thorp and the wearable computer that beat Vegas},
  year = 2013,
  url = {https://www.engadget.com/2013/09/18/edward-thorp-father-of-wearable-computing/},
  urldate = {2017-11-20}
}

@incollection{breiman2011optimal,
  title={Optimal gambling systems for favorable games},
  author={Breiman, Leo and others},
  booktitle={The Kelly Capital Growth Investment Criterion: Theory and Practice},
  pages={47--60},
  year={2011}
}

@article{baker2013optimal,
  title={Optimal betting under parameter uncertainty: improving the Kelly criterion},
  author={Baker, Rose D and McHale, Ian G},
  journal={Decision Analysis},
  volume={10},
  number={3},
  pages={189--199},
  year={2013},
  publisher={INFORMS}
}

@article{maclean2010good,
  title={Good and bad properties of the Kelly criterion},
  author={MacLean, Leonard C and Thorp, Edward O and Ziemba, William T},
  journal={Risk},
  volume={20},
  number={2},
  pages={1},
  year={2010}
}

@inproceedings{orabona2016coin,
  title={Coin betting and parameter-free online learning},
  author={Orabona, Francesco and P{\'a}l, D{\'a}vid},
  booktitle={Advances in Neural Information Processing Systems},
  pages={577--585},
  year={2016}
}

@article{krichevsky1981performance,
  title={The performance of universal encoding},
  author={Krichevsky, Raphail and Trofimov, Victor},
  journal={IEEE Transactions on Information Theory},
  volume={27},
  number={2},
  pages={199--207},
  year={1981},
  publisher={IEEE}
}

@book{cesa2006prediction,
  title={Prediction, learning, and games},
  author={Cesa-Bianchi, Nicolo and Lugosi, G{\'a}bor},
  year={2006},
  publisher={Cambridge university press}
}

@article{cappe2013kullback,
  title={Kullback--leibler upper confidence bounds for optimal sequential allocation},
  author={Capp{\'e}, Olivier and Garivier, Aur{\'e}lien and Maillard, Odalric-Ambrym and Munos, R{\'e}mi and Stoltz, Gilles and others},
  journal={The Annals of Statistics},
  volume={41},
  number={3},
  pages={1516--1541},
  year={2013},
  publisher={Institute of Mathematical Statistics}
}